@article{RAS,
	author = {Lim, Inge and van Wegen, Erwin and Goede, Cjt and Deutekom, Marije and Nieuwboer, Alice and Willems, Anne-Marie and Jones, D and Rochester, Lynn and Kwakkel, Gert},
	year = {2005},
	month = {11},
	pages = {695-713},
	title = {Effects of external rhythmical cueing on gait in patients with Parkinson's disease: A systematic review},
	volume = {19},
	journal = {Clinical rehabilitation},
	doi = {10.1191/0269215505cr906oa}
}


@article{PD,
	author = {Lang, Anthony E. and Lozano, Andres M.},
	title = {Parkinson's Disease},
	journal = {New England Journal of Medicine},
	volume = {339},
	number = {16},
	pages = {1130-1143},
	year = {1998},
	doi = {10.1056/NEJM199810153391607},
	note ={PMID: 9770561},
	
	URL = { 
	https://doi.org/10.1056/NEJM199810153391607
	
	},
	eprint = { 
	https://doi.org/10.1056/NEJM199810153391607
	
	}
	
}
@article{PD1,
	author = {Fahn, Stanley},
	year = {2003},
	month = {07},
	pages = {1-14},
	title = {Description of Parkinson's Disease as a Clinical Syndrome},
	volume = {991},
	journal = {Annals of the New York Academy of Sciences},
	doi = {10.1111/j.1749-6632.2003.tb07458.x}
}

@article {medicin,
	Title = {Freezing of Gait in Parkinson's Disease: Its Pathophysiology and Pragmatic Approaches to Management},
	Author = {Iansek, Robert and Danoudis, Mary},
	DOI = {10.1002/mdc3.12463},
	Number = {3},
	Volume = {4},
	Year = {2017},
	Journal = {Movement Disorders Clinical Practice},
	ISSN = {2330-1619},
	Pages = {290—297},
	URL = {https://europepmc.org/articles/PMC6407046},
}

@article{RAS1,
	author = {Hausdorff, Jeffrey and Lowenthal, Justine and Herman, Talia and Gruendlinger, Leor and Peretz, Chava and Giladi, Nir},
	year = {2007},
	month = {10},
	pages = {2369-75},
	title = {Rhythmic auditory stimulation modulates gait variability in Parkinson's disease},
	volume = {26},
	journal = {The European journal of neuroscience},
	doi = {10.1111/j.1460-9568.2007.05810.x}
}

@article {FI,
	Title = {Ambulatory monitoring of freezing of gait in Parkinson's disease},
	Author = {Moore, Steven T and MacDougall, Hamish G and Ondo, William G},
	DOI = {10.1016/j.jneumeth.2007.08.023},
	Number = {2},
	Volume = {167},
	Month = {January},
	Year = {2008},
	Journal = {Journal of neuroscience methods},
	ISSN = {0165-0270},
	Pages = {340—348},
	URL = {https://doi.org/10.1016/j.jneumeth.2007.08.023},
}
@ARTICLE{FI1,
	author={M. {Bachlin} and M. {Plotnik} and D. {Roggen} and I. {Maidan} and J. M. {Hausdorff} and N. {Giladi} and G. {Troster}},
	journal={IEEE Transactions on Information Technology in Biomedicine}, 
	title={Wearable Assistant for Parkinson’s Disease Patients With the Freezing of Gait Symptom}, 
	year={2010},
	volume={14},
	number={2},
	pages={436-446},}


@article{Flo,
	author = {Demrozi, Florenc and Bacchin, Ruggero and Tamburin, Stefano and Cristani, Marco and Pravadelli, Graziano},
	year = {2019},
	month = {11},
	pages = {1-1},
	title = {Towards a wearable system for predicting the freezing of gait in people affected by Parkinson's disease},
	volume = {PP},
	journal = {IEEE Journal of Biomedical and Health Informatics},
	doi = {10.1109/JBHI.2019.2952618}
}
@INPROCEEDINGS{ML,
	author={N. K. {Orphanidou} and A. {Hussain} and R. {Keight} and P. {Lishoa} and J. {Hind} and H. {Al-Askar}},
	booktitle={2018 IEEE Congress on Evolutionary Computation (CEC)}, 
	title={Predicting Freezing of Gait in Parkinsons Disease Patients Using Machine Learning}, 
	year={2018},
	volume={},
	number={},
	pages={1-8},}

@INPROCEEDINGS{symptoms,
	author={P. {Tahafchi} and J. W. {Judy}},
	booktitle={2019 IEEE SENSORS}, 
	title={Freezing-of-Gait Detection Using Wearable-Sensor Technology and Neural-Network Classifier}, 
	year={2019},
	volume={},
	number={},
	pages={1-4},}

@article{sammpleE,
	author = {Richman, Joshua and Moorman, Joseph},
	year = {2000},
	month = {07},
	pages = {H2039-49},
	title = {Physiological Time-Series Analysis Using Approximate Entropy and Sample Entropy},
	volume = {278},
	journal = {American journal of physiology. Heart and circulatory physiology},
	doi = {10.1152/ajpheart.2000.278.6.H2039}
}
@article{WM,
	author = {Rezvanian, Saba and Lockhart, Thurmon},
	year = {2016},
	month = {04},
	pages = {475},
	title = {Towards Real-Time Detection of Freezing of Gait Using Wavelet Transform on Wireless Accelerometer Data},
	volume = {16},
	journal = {Sensors},
	doi = {10.3390/s16040475}
}